# Literatur-Quellen
# Beispiele aus der Masterarbeit:
@book{TimeFunc,
  author    = {Greiner, Walter and Reinhardt, Joachim},
  title     = {Field quantization},
  publisher = {Springer-Verlag GmbH},
  edition   = {1st edn.},
  year      = {1996},
  address   = {Tiergartenstrasse 17, 69121 Heidelberg, Deutschland},
  doi       = {https://doi.org/10.1007/978-3-642-61485-9}
}

@thesis{BA,
  author      = {Toni Zimmermann},
  date        = {11.03.},
  institution = {University of Bayreuth},
  title       = {Machine learning the power functional mapping in overdamped Brownian dynamics},
  type        = {Bachelor's Thesis},
  year        = {2023}
}

@article{DefinitionDeep,
  author    = {Deng, Li and Yu, Dong},
  title     = {Deep Learning: Methods and Application},
  journal   = {Foundations and Trends in Signal Processing},
  volume    = {7},
  pages     = {197},
  year      = {2014},
  doi       = {http://doi.org/10.1561/2000000039}
}

@misc{chatgpt,
  author       = {OpenAI},
  title        = {ChatGPT: Optimizing Language Models for Dialogue},
  year         = {2022},
  url          = {https://openai.com/blog/chatgpt/},
  urldate      = {30.11.2022}
}

@online{YT-OutOf,
  title = {Out Of The Box Flow System},
  date = {2023},
  organization = {Youtube},
  author = {Zimmermann, Toni},
  url = {https://youtu.be/9PE9OBreNWU},
}

# Quellen f√ºr den Versuch:
@article{FZV1,
  author    = {Pillai, S. and Green, M. A.},
  title     = {Plasmonics for photovoltaic applications},
  journal   = {Solar Energy Materials and Solar Cells},
  volume    = {94},
  pages     = {1481},
  year      = {2010},
  doi       = {https://doi.org/10.1016/j.solmat.2010.02.046}
}

@article{FZV1p1,
  author    = {Fendi, Farah Wardina S. and Mukhtar, Wan Maisarah and Abdullah, Mundzir},
  title     = {Surface plasmon resonance sensor for Covid-19 detection: A review on plasmonic materials},
  journal   = {Sensors and Actuators A: Physical},
  volume    = {362},
  pages     = {114617},
  year      = {2023},
  doi       = {https://doi.org/10.1016/j.sna.2023.114617}
}