# Literatur-Quellen
# Beispiele aus der Masterarbeit:
@book{TimeFunc,
  author    = {Greiner, Walter and Reinhardt, Joachim},
  title     = {Field quantization},
  publisher = {Springer-Verlag GmbH},
  edition   = {1st edn.},
  year      = {1996},
  address   = {Tiergartenstrasse 17, 69121 Heidelberg, Deutschland},
  doi       = {https://doi.org/10.1007/978-3-642-61485-9}
}

@thesis{BA,
  author      = {Toni Zimmermann},
  date        = {11.03.},
  institution = {University of Bayreuth},
  title       = {Machine learning the power functional mapping in overdamped Brownian dynamics},
  type        = {Bachelor's Thesis},
  year        = {2023}
}

@article{DefinitionDeep,
  author    = {Deng, Li and Yu, Dong},
  title     = {Deep Learning: Methods and Application},
  journal   = {Foundations and Trends in Signal Processing},
  volume    = {7},
  pages     = {197},
  year      = {2014},
  doi       = {http://doi.org/10.1561/2000000039}
}

@misc{chatgpt,
  author       = {OpenAI},
  title        = {ChatGPT: Optimizing Language Models for Dialogue},
  year         = {2022},
  url          = {https://openai.com/blog/chatgpt/},
  urldate      = {30.11.2022}
}

@online{YT-OutOf,
  title = {Out Of The Box Flow System},
  date = {2023},
  organization = {Youtube},
  author = {Zimmermann, Toni},
  url = {https://youtu.be/9PE9OBreNWU},
}

# Quellen für den Versuch:
@unpublished{Anleitung,
  author       = {Hübschle, C. B. und Schönleber, A.},
  title        = {Absorption und Beugung von Röntgenstrahlen},
  year         = {2023},
  note         = {Unveröffentlichte Versuchsanleitung},
}

@book{Demtroder,
  author    = {Demtröder, Wolfgang},
  title     = {Experimentalphysik 3 - Atome, Moleküle und Festkörper},
  publisher = {Springer-Verlag GmbH},
  edition   = {5th edn.},
  year      = {2016},
  address   = {Tiergartenstrasse 17, 69121 Heidelberg, Deutschland},
  doi       = {https://doi.org/10.1007/978-3-662-49094-5}
}

@book{Schwarz,
  author    = {Schwarzenbach, Dieter},
  title     = {Kristallographie},
  publisher = {Springer-Verlag GmbH},
  edition   = {1st edn.},
  year      = {2001},
  address   = {Tiergartenstrasse 17, 69121 Heidelberg, Deutschland},
  doi       = {https://doi.org/10.1007/978-3-642-69530-1}
}

@book{Kristall,
  author    = {Bohm, Joachim and Klimm, Detlef and Mühlberg, Manfred and Winkler, Björn},
  title     = {Will Kleber - Einführung in die Kristallographie},
  publisher = {Walter de Gruyter GmbH},
  edition   = {20th edn.},
  year      = {2021},
  address   = {Genthiner Straße 13, D-10785 Berlin, Deutschland}
}

@unpublished{EPC,
  author       = {Lippitz, Markus},
  title        = {Experimentalphysik C2 - Festkörperphysik 2},
  year         = {2023},
  note         = {Unveröffentlichtes Vorlesungsskript},
}

@misc{Spektrum,
  author       = {Wikipedia},
  title        = {Röntgenstrahlung},
  year         = {2024},
  url          = {https://de.wikipedia.org/wiki/R%C3%B6ntgenstrahlung#/media/Datei:Electromagnetic_spectrum_-de_c.svg},
  urldate      = {10.01.2024}
}

@book{Brillanz,
  author    = {Hertel, Ingolf V. and Schulz, Claus-Peter},
  title     = {Atome, Moleküle und optische Physik 1},
  publisher = {Springer-Verlag GmbH},
  edition   = {1st edn.},
  year      = {2008},
  address   = {Tiergartenstrasse 17, 69121 Heidelberg, Deutschland},
  doi       = {https://doi.org/10.1007/978-3-540-30617-7}
}

@book{Brems,
  author    = {Jackson, John David},
  title     = {Klassische Elektrodynamik},
  publisher = {Walter de Gruyter GmbH},
  edition   = {5th edn.},
  year      = {2014},
  address   = {Genthiner Straße 13, D-10785 Berlin, Deutschland},
  doi       = {https://doi.org/10.1515/9783110334470}
}

@article{Wiggler,
  author    = {Motz, H.},
  title     = {Undulators and free-electron lasers},
  journal   = {Contemporary Physics},
  volume    = {20},
  pages     = {547},
  year      = {1979},
  doi       = {https://doi.org/10.1080/00107517908210921}
}

@book{Compton,
  author    = {Compton, Arthur Holly},
  title     = {Secondary radiations produced by x-rays, and some of their applications to physical problems},
  publisher = {National Research Council of the National Academy of Sciences},
  edition   = {1st edn.},
  year      = {1922},
  address   = {Washington}
}

@misc{WikiRo,
  author       = {Wikipedia},
  title        = {Röntgenstrahlung},
  year         = {2024},
  url          = {https://de.wikipedia.org/wiki/R%C3%B6ntgenstrahlung},
  urldate      = {10.01.2024}
}

@misc{Absorp,
  author       = {Wikipedia},
  title        = {Massenschwächungskoeffizient},
  year         = {2024},
  url          = {https://de.wikipedia.org/wiki/Massenschw%C3%A4chungskoeffizient},
  urldate      = {16.01.2024}
}

@misc{Tabe,
  author       = {Physikalisch-Technische Bundesanstalt},
  title        = {Tabellen und Diagramme zu Kapitel 7 - Ionisierende Strahlung und Radioaktivität},
  year         = {2024},
  url          = {https://www.ptb.de/cms/fileadmin/internet/publikationen/buecher/Kohlrausch/Tabellen/Kohlrausch_3_Tabellen_und_Diagramme_Ionisierende_Strahlung_und_Radioaktivitaet.pdf},
  urldate      = {16.01.2024}
}

<<<<<<< HEAD

@article{FONTANA2011207,
	author = {Pietro Fontana and J{\"u}rg Schefer and Donald Pettit},
	doi = {https://doi.org/10.1016/j.jcrysgro.2011.04.001},
	issn = {0022-0248},
	journal = {Journal of Crystal Growth},
	number = {1},
	pages = {207-211},
	title = {Characterization of sodium chloride crystals grown in microgravity},
	url = {https://www.sciencedirect.com/science/article/pii/S0022024811003575},
	volume = {324},
	year = {2011},
	bdsk-url-1 = {https://www.sciencedirect.com/science/article/pii/S0022024811003575},
	bdsk-url-2 = {https://doi.org/10.1016/j.jcrysgro.2011.04.001}
  }
=======
@article{xRay,
  title = {Experiments on the Relative Intensities of some X-ray Lines in the L Spectrum of Tungsten and the K Spectrum of Copper},
  author = {Allison, Samuel K. and Armstrong, Alice H.},
  journal = {Physical Review},
  volume = {26},
  pages = {714},
  year = {1925},
  doi = {https://link.aps.org/doi/10.1103/PhysRev.26.714}
}
>>>>>>> efaab3ab8bf3d35a92f767e79794309a52d29c78
