# Literatur-Quellen
# Beispiele aus der Masterarbeit:
@book{TimeFunc,
  author    = {Greiner, Walter and Reinhardt, Joachim},
  title     = {Field quantization},
  publisher = {Springer-Verlag GmbH},
  edition   = {1st edn.},
  year      = {1996},
  address   = {Tiergartenstrasse 17, 69121 Heidelberg, Deutschland},
  doi       = {https://doi.org/10.1007/978-3-642-61485-9}
}

@thesis{BA,
  author      = {Toni Zimmermann},
  date        = {11.03.},
  institution = {University of Bayreuth},
  title       = {Machine learning the power functional mapping in overdamped Brownian dynamics},
  type        = {Bachelor's Thesis},
  year        = {2023}
}

@article{DefinitionDeep,
  author    = {Deng, Li and Yu, Dong},
  title     = {Deep Learning: Methods and Application},
  journal   = {Foundations and Trends in Signal Processing},
  volume    = {7},
  pages     = {197},
  year      = {2014},
  doi       = {http://doi.org/10.1561/2000000039}
}

@misc{chatgpt,
  author       = {OpenAI},
  title        = {ChatGPT: Optimizing Language Models for Dialogue},
  year         = {2022},
  url          = {https://openai.com/blog/chatgpt/},
  urldate      = {30.11.2022}
}

@online{YT-OutOf,
  title = {Out Of The Box Flow System},
  date = {2023},
  organization = {Youtube},
  author = {Zimmermann, Toni},
  url = {https://youtu.be/9PE9OBreNWU},
}

# Quellen für den Versuch:
@article{FZV1,
  author    = {Pillai, S. and Green, M. A.},
  title     = {Plasmonics for photovoltaic applications},
  journal   = {Solar Energy Materials and Solar Cells},
  volume    = {94},
  pages     = {1481},
  year      = {2010},
  doi       = {https://doi.org/10.1016/j.solmat.2010.02.046}
}

@article{FZV1p1,
  author    = {Fendi, Farah Wardina S. and Mukhtar, Wan Maisarah and Abdullah, Mundzir},
  title     = {Surface plasmon resonance sensor for Covid-19 detection: A review on plasmonic materials},
  journal   = {Sensors and Actuators A: Physical},
  volume    = {362},
  pages     = {114617},
  year      = {2023},
  doi       = {https://doi.org/10.1016/j.sna.2023.114617}
}

@unpublished{Anleitung,
  author       = {Lehrstuhl Experimentalphysik 3},
  title        = {Versuch Nanoplasmonik - Dunkelfeldspektroskopie von plasmonischen Nanorods},
  year         = {2023},
  note         = {Unveröffentlichte Versuchsanleitung},
}

@article{FZV2p1,
  author    = {Haes, Amanda J. and Van Duyne, Richard P.},
  title     = {A unified view of propagating and localized surface plasmon resonance biosensors},
  journal   = {Analytical and Bioanalytical Chemistry},
  volume    = {379},
  pages     = {920},
  year      = {2004},
  doi       = {https://doi.org/10.1007/s00216-004-2708-9}
}

@article{FZV2p2,
  author    = {Lee, Y. U. and Choi, E. Y. and Kim, E. S. and Woo, J. H. and Kang, B. and Kim, J. and Park, B. C. and Hong, T. Y. and Kim, J. H.},
  title     = {Double Fano resonances in a composite metamaterial possessing tripod plasmonic resonances},
  journal   = {Journal of Optics},
  volume    = {17},
  pages     = {025103},
  year      = {2015},
  doi       = {https://doi.org/10.1088/2040-8978/17/2/025103}
}

@article{FZV2p3,
  author    = {Kelly, K. Lance and Coronado, Eduardo and Zhao, Lin Lin and Schatz, George C.},
  title     = {The Optical Properties of Metal Nanoparticles: The Influence of Size, Shape, and Dielectric Environment},
  journal   = {The Journal of Physical Chemistry B},
  volume    = {107},
  pages     = {668},
  year      = {2003},
  doi       = {https://doi.org/10.1021/jp026731y}
}

@book{FZV5,
  author    = {Robenek, Horst},
  title     = {Mikroskopie in Forschung und Praxis},
  publisher = {GIT-Verlag},
  edition   = {1st edn.},
  year      = {1995},
  address   = {Darmstadt}
}