# Literatur-Quellen
# Beispiele aus der Masterarbeit:
@book{TimeFunc,
  author    = {Greiner, Walter and Reinhardt, Joachim},
  title     = {Field quantization},
  publisher = {Springer-Verlag GmbH},
  edition   = {1st edn.},
  year      = {1996},
  address   = {Tiergartenstrasse 17, 69121 Heidelberg, Deutschland},
  doi       = {https://doi.org/10.1007/978-3-642-61485-9}
}

@thesis{BA,
  author      = {Toni Zimmermann},
  date        = {11.03.},
  institution = {University of Bayreuth},
  title       = {Machine learning the power functional mapping in overdamped Brownian dynamics},
  type        = {Bachelor's Thesis},
  year        = {2023}
}

@article{DefinitionDeep,
  author    = {Deng, Li and Yu, Dong},
  title     = {Deep Learning: Methods and Application},
  journal   = {Foundations and Trends in Signal Processing},
  volume    = {7},
  pages     = {197},
  year      = {2014},
  doi       = {http://doi.org/10.1561/2000000039}
}

@misc{chatgpt,
  author       = {OpenAI},
  title        = {ChatGPT: Optimizing Language Models for Dialogue},
  year         = {2022},
  url          = {https://openai.com/blog/chatgpt/},
  urldate      = {30.11.2022}
}

@online{YT-OutOf,
  title = {Out Of The Box Flow System},
  date = {2023},
  organization = {Youtube},
  author = {Zimmermann, Toni},
  url = {https://youtu.be/9PE9OBreNWU},
}

# Quellen für den Versuch:
@unpublished{Anleitung,
  author       = {Experimentalphysik 8 - Ultraschnelle Dynamik},
  title        = {Ultrakurzzeit-Physik: Femtosekunden-Autokorrelation und Terahertz-Spektroskopie},
  year         = {2023},
  note         = {Unveröffentlichte Versuchsanleitung},
}

@book{UltraFast,
  author    = {Andrew M. Weiner},
  title     = {Ultrafast Optics},
  publisher = {John Wiley and Sons},
  edition   = {1st edn.},
  year      = {2009},
  address   = {111 River Street, Hoboken, NJ 07030, United States of America}
}

@article{Q9,
  author    = {Duvillaret, Lionel and Garet, Frédéric and Coutaz, Jean-Louis},
  title     = {Highly precise determination of optical constants and sample thickness in terahertz time-domain spectroscopy},
  journal   = {Applied Optics},
  volume    = {38},
  pages     = {409},
  year      = {1999},
  doi       = {https://doi.org/10.1364/AO.38.000409}
}

@book{OpticsHand,
  author    = {Träger, Frank},
  title     = {Ultrafast Optics},
  publisher = {Springer-Verlag GmbH},
  edition   = {1st edn.},
  year      = {2007},
  address   = {Tiergartenstrasse 17, 69121 Heidelberg, Deutschland}
}

@article{Data,
  author    = {Polyanskiy, Mikhail N.},
  title     = {Refractiveindex.info database of optical constants},
  journal   = {Scientific Data},
  volume    = {11},
  pages     = {2052},
  year      = {2024},
  doi       = {https://doi.org/10.1038/s41597-023-02898-2}
}

@article{Gap,
  author    = {Sirtori, Carlo},
  title     = {Bridge for the terahertz gap},
  journal   = {Nature},
  volume    = {417},
  pages     = {1476},
  year      = {2002},
  doi       = {https://doi.org/10.1038/417132b}
}

@article{Kohler,
  author    = {Köhler, Rüdeger and Tredicucci, Alessandro and Beltram, Fabio and Beere, Harvey E. and Linfield, Edmund H. and Davies, A. Giles and Ritchie, David A. and Iotti, Rita C. and Rossi, Fausto},
  title     = {Terahertz semiconductor-heterostructure laser},
  journal   = {Nature},
  volume    = {417},
  pages     = {1476},
  year      = {2002},
  doi       = {https://doi.org/10.1038/417156a}
}

@misc{Bild1,
  author       = {Universität Göttingen - Sebastian Kiehlmann},
  title        = {Grundbegriffe der Optik},
  year         = {2011},
  url          = {https://lp.uni-goettingen.de/get/text/7260},
  urldate      = {10.01.2024}
}

@book{Demtroder,
  author    = {Demtröder, Wolfgang},
  title     = {Experimentalphysik 3 - Atome, Moleküle und Festkörper},
  publisher = {Springer-Verlag GmbH},
  edition   = {5th edn.},
  year      = {2016},
  address   = {Tiergartenstrasse 17, 69121 Heidelberg, Deutschland},
  doi       = {https://doi.org/10.1007/978-3-662-49094-5}
}

@unpublished{EPC,
  author       = {Lippitz, Markus},
  title        = {Experimentalphysik C1 - Festkörperphysik 1},
  year         = {2023},
  note         = {Unveröffentlichtes Vorlesungsskript},
}

@misc{Wiki,
  author       = {Wikipedia},
  title        = {Fensterfunktion},
  year         = {2023},
  url          = {https://de.wikipedia.org/wiki/Fensterfunktion},
  urldate      = {27.01.2024}
}