# Literatur-Quellen
# Beispiele aus der Masterarbeit:
@book{TimeFunc,
  author    = {Greiner, Walter and Reinhardt, Joachim},
  title     = {Field quantization},
  publisher = {Springer-Verlag GmbH},
  edition   = {1st edn.},
  year      = {1996},
  address   = {Tiergartenstrasse 17, 69121 Heidelberg, Deutschland},
  doi       = {https://doi.org/10.1007/978-3-642-61485-9}
}

@thesis{BA,
  author      = {Toni Zimmermann},
  date        = {11.03.},
  institution = {University of Bayreuth},
  title       = {Machine learning the power functional mapping in overdamped Brownian dynamics},
  type        = {Bachelor's Thesis},
  year        = {2023}
}

@article{DefinitionDeep,
  author    = {Deng, Li and Yu, Dong},
  title     = {Deep Learning: Methods and Application},
  journal   = {Foundations and Trends in Signal Processing},
  volume    = {7},
  pages     = {197},
  year      = {2014},
  doi       = {http://doi.org/10.1561/2000000039}
}

@misc{chatgpt,
  author       = {OpenAI},
  title        = {ChatGPT: Optimizing Language Models for Dialogue},
  year         = {2022},
  url          = {https://openai.com/blog/chatgpt/},
  urldate      = {30.11.2022}
}

@online{YT-OutOf,
  title = {Out Of The Box Flow System},
  date = {2023},
  organization = {Youtube},
  author = {Zimmermann, Toni},
  url = {https://youtu.be/9PE9OBreNWU},
}

# Quellen für den Versuch:
@unpublished{Anleitung,
  author       = {Hübschle, C. B. und Schönleber, A.},
  title        = {Absorption und Beugung von Röntgenstrahlen},
  year         = {2023},
  note         = {Unveröffentlichte Versuchsanleitung},
}

@unpublished{EPC,
  author       = {Lippitz, Markus},
  title        = {Experimentalphysik C1 - Festkörperphysik 1},
  year         = {2023},
  note         = {Unveröffentlichtes Vorlesungsskript},
}

@book{AMO,
  author    = {Hertel, Ingolf V. and Schulz, Claus-Peter},
  title     = {Atome, Moleküle und optische Physik 1},
  publisher = {Springer-Verlag GmbH},
  edition   = {1st edn.},
  year      = {2008},
  address   = {Tiergartenstrasse 17, 69121 Heidelberg, Deutschland},
  doi       = {https://doi.org/10.1007/978-3-540-30617-7}
}

@book{Demtroder,
  author    = {Demtröder, Wolfgang},
  title     = {Experimentalphysik 3 - Atome, Moleküle und Festkörper},
  publisher = {Springer-Verlag GmbH},
  edition   = {5th edn.},
  year      = {2016},
  address   = {Tiergartenstrasse 17, 69121 Heidelberg, Deutschland},
  doi       = {https://doi.org/10.1007/978-3-662-49094-5}
}

@book{Prinzip,
  author    = {Lakowicz, Joseph R.},
  title     = {Principles of Fluorescence Spectroscopy},
  publisher = {Springer-Verlag GmbH},
  edition   = {3rd edn.},
  year      = {2006},
  address   = {Tiergartenstrasse 17, 69121 Heidelberg, Deutschland},
  doi       = {https://doi.org/10.1007/978-0-387-46312-4}
}

@book{Parson,
  author    = {Parson, William W.},
  title     = {Modern Optical Spectroscopy},
  publisher = {Springer-Verlag GmbH},
  edition   = {1st edn.},
  year      = {2009},
  address   = {Tiergartenstrasse 17, 69121 Heidelberg, Deutschland},
  doi       = {https://doi.org/10.1007/978-3-540-37542-5}
}