# Literatur-Quellen
# Beispiele aus der Masterarbeit:
@book{TimeFunc,
  author    = {Greiner, Walter and Reinhardt, Joachim},
  title     = {Field quantization},
  publisher = {Springer-Verlag GmbH},
  edition   = {1st edn.},
  year      = {1996},
  address   = {Tiergartenstrasse 17, 69121 Heidelberg, Deutschland},
  doi       = {https://doi.org/10.1007/978-3-642-61485-9}
}

@thesis{BA,
  author      = {Toni Zimmermann},
  date        = {11.03.},
  institution = {University of Bayreuth},
  title       = {Machine learning the power functional mapping in overdamped Brownian dynamics},
  type        = {Bachelor's Thesis},
  year        = {2023}
}

@article{DefinitionDeep,
  author    = {Deng, Li and Yu, Dong},
  title     = {Deep Learning: Methods and Application},
  journal   = {Foundations and Trends in Signal Processing},
  volume    = {7},
  pages     = {197},
  year      = {2014},
  doi       = {http://doi.org/10.1561/2000000039}
}

@misc{chatgpt,
  author       = {OpenAI},
  title        = {ChatGPT: Optimizing Language Models for Dialogue},
  year         = {2022},
  url          = {https://openai.com/blog/chatgpt/},
  urldate      = {30.11.2022}
}

@online{YT-OutOf,
  title = {Out Of The Box Flow System},
  date = {2023},
  organization = {Youtube},
  author = {Zimmermann, Toni},
  url = {https://youtu.be/9PE9OBreNWU},
}

# Quellen für den Versuch:
@unpublished{Anleitung,
  author       = {Hübschle, C. B. und Schönleber, A.},
  title        = {Absorption und Beugung von Röntgenstrahlen},
  year         = {2023},
  note         = {Unveröffentlichte Versuchsanleitung},
}

@article{Substrat,
  author    = {Brütting, Wolfgang und Rieß, Walter},
  title     = {Grundlagen der organischen Halbleiter},
  journal   = {Physik Journal},
  volume    = {7},
  pages     = {33},
  year      = {2008},
  doi       = {https://d-nb.info/1202246184/34}
}

@unpublished{EPC,
  author       = {Lippitz, Markus},
  title        = {Experimentalphysik C1 - Festkörperphysik 1},
  year         = {2022},
  note         = {Unveröffentlichtes Vorlesungsskript},
}

@misc{Stokes,
  author       = {wikipedia},
  title        = {Stokes-Beziehungen},
  year         = {2022},
  url          = {https://de.wikipedia.org/wiki/Stokes-Beziehungen},
  urldate      = {24.02.2024}
}





